@misc{drumschematic,
    author = {Syed Wamiq Ahmed Hashmi},
    title = {Drums schematic},
    year = {2013},
    note = {[Online, used in accordance with the Wikipedia Commons, creative commons license; accessed on 21-01-2019]},
    url = {https://upload.wikimedia.org/wikipedia/commons/5/57/Drums_schematic.svg},
    keywords={figure}
}

@misc{convolutionpooling,
    author = {ID 12019},
    title = {Kingfisher},
    year = {2017},
    note = {[Online, adapted in accordance with the Pixabay License; accessed on 23-01-2019]},
    url = {https://pixabay.com/en/kingfisher-bird-wildlife-macro-2046453/},
    keywords={figure}
}